@misc{matlab_mser_ocr,
title = {{Automatically Detect and Recognize Text in Natural Images - MATLAB {\&} Simulink - MathWorks United Kingdom}},
url = {https://uk.mathworks.com/help/vision/examples/automatically-detect-and-recognize-text-in-natural-images.html},
urldate = {2019-04-27}
}
@misc{gender_shades,
title = {{Gender Shades}},
howpublished = {\url{http://gendershades.org/}},
urldate = {2019-04-27}
note = {Online; accessed 2019-04-27}

}
